<?xml version="1.0" encoding="UTF-8"?>
<record xmlns="http://www.loc.gov/MARC21/slim" xmlns:xsi="http://www.w3.org/2001/XMLSchema-instance" xsi:schemaLocation="http://www.loc.gov/MARC21/slim http://www.loc.gov/standards/marcxml/schema/MARC21slim.xsd">
<leader>     nam a2200229   4500</leader>
<controlfield tag="001">002818863</controlfield>
<controlfield tag="003">NNU</controlfield>
<controlfield tag="005">19940713181853.0</controlfield>
<controlfield tag="008">870520s1961    sy            000 0 ara d</controlfield>
<datafield tag="035" ind1="9" ind2=" ">
<subfield code="a">NYUb10526429</subfield>
</datafield>
<datafield tag="035" ind1=" " ind2=" ">
<subfield code="a">(CStRLIN)NYUG87-B16665</subfield>
</datafield>
<datafield tag="035" ind1=" " ind2=" ">
<subfield code="a">GLIS005264299</subfield>
</datafield>
<datafield tag="040" ind1=" " ind2=" ">
<subfield code="a">NNU</subfield>
<subfield code="c">NNU</subfield>
</datafield>
<datafield tag="090" ind1=" " ind2=" ">
<subfield code="i">05/21/87 CT</subfield>
</datafield>
<datafield tag="100" ind1="1" ind2=" ">
<subfield code="a">Tibrīzī, Yaḥyá ibn ʻAlī,</subfield>
<subfield code="d">d. 1109.</subfield>
</datafield>
<datafield tag="245" ind1="1" ind2="0">
<subfield code="a">Sharḥ Maqṣūrat Ibn Durayd /</subfield>
<subfield code="c">lil-Khaṭīb al-Tibrīzī.</subfield>
</datafield>
<datafield tag="260" ind1=" " ind2=" ">
<subfield code="a">Dimashq :</subfield>
<subfield code="b">al-Maktab al-Islāmī,</subfield>
<subfield code="c">1961.</subfield>
</datafield>
<datafield tag="300" ind1=" " ind2=" ">
<subfield code="a">242 p. ;</subfield>
<subfield code="c">25 cm.</subfield>
</datafield>
<datafield tag="600" ind1="1" ind2="0">
<subfield code="a">Ibn Durayd, Muḥammad ibn al-Ḥasan,</subfield>
<subfield code="d">837 or 8-933.</subfield>
<subfield code="t">Maqṣūrah.</subfield>
</datafield>
<datafield tag="600" ind1="1" ind2="0">
<subfield code="a">Ibn Durayd, Muḥammad ibn al-Ḥasan,</subfield>
<subfield code="d">837 or 8-933</subfield>
<subfield code="x">Criticism and interpretation.</subfield>
</datafield>
<datafield tag="OWN" ind1=" " ind2=" ">
<subfield code="a">GENERAL</subfield>
</datafield>
<datafield tag="950" ind1=" " ind2=" ">
<subfield code="l">BMAIN</subfield>
<subfield code="a">PJ7745.I17</subfield>
<subfield code="b">Z82</subfield>
<subfield code="i">05/21/87 C</subfield>
</datafield>
<datafield tag="955" ind1=" " ind2=" ">
<subfield code="l">BMAIN</subfield>
<subfield code="c">1</subfield>
<subfield code="r">012413467</subfield>
<subfield code="i">05/21/87 C</subfield>
</datafield>
<datafield tag="998" ind1=" " ind2=" ">
<subfield code="a">05/21/87</subfield>
<subfield code="t">c</subfield>
<subfield code="s">9114</subfield>
<subfield code="n">NNU</subfield>
<subfield code="w">NYUG87B16665</subfield>
<subfield code="d">05/20/87</subfield>
<subfield code="c">MG</subfield>
<subfield code="b">MH</subfield>
<subfield code="i">870521</subfield>
<subfield code="l">NYUG</subfield>
</datafield>
<datafield tag="AVA" ind1=" " ind2=" ">
<subfield code="a">NYU50</subfield>
<subfield code="b">BOBST</subfield>
<subfield code="c">Main Collection</subfield>
<subfield code="d">PJ7745.I17 Z82</subfield>
<subfield code="e">unavailable</subfield>
<subfield code="t">Unavailable</subfield>
<subfield code="f">1</subfield>
<subfield code="g">1</subfield>
<subfield code="h">N</subfield>
<subfield code="i">0</subfield>
<subfield code="j">MAIN</subfield>
</datafield>
</record>
